@article{frohlich2012dpll,
  title={A DPLL algorithm for solving DQBF},
  author={Fr{\"o}hlich, Andreas and Kov{\'a}sznai, Gergely and Biere, Armin},
  journal={Pragmatics of SAT},
  volume={2012},
  pages={2012},
  year={2012}
}

@inproceedings{pnuelir90,
	author    = {Amir Pnueli and
	Roni Rosner},
	title     = {Distributed Reactive Systems Are Hard to Synthesize},
	booktitle = {31st Annual Symposium on Foundations of Computer Science, St. Louis,
	Missouri, USA, October 22-24, 1990, Volume {II}},
	pages     = {746--757},
	publisher = {{IEEE} Computer Society},
	year      = {1990},
	url       = {https://doi.org/10.1109/FSCS.1990.89597},
	doi       = {10.1109/FSCS.1990.89597},
	timestamp = {Wed, 16 Oct 2019 14:14:54 +0200},
	biburl    = {https://dblp.org/rec/conf/focs/PnueliR90.bib},
	bibsource = {dblp computer science bibliography, https://dblp.org}
}

@inproceedings{millerklb10,
  author    = {Christian Miller and
  Stefan Kupferschmid and
  Matthew D. T. Lewis and
  Bernd Becker},
  editor    = {Ofer Strichman and
  Stefan Szeider},
  title     = {Encoding Techniques, Craig Interpolants and Bounded Model Checking
  for Incomplete Designs},
  booktitle = {Theory and Applications of Satisfiability Testing - {SAT} 2010, 13th
  International Conference, {SAT} 2010, Edinburgh, UK, July 11-14, 2010.
  Proceedings},
  series    = {Lecture Notes in Computer Science},
  volume    = {6175},
  pages     = {194--208},
  publisher = {Springer},
  year      = {2010},
  url       = {https://doi.org/10.1007/978-3-642-14186-7\_17},
  doi       = {10.1007/978-3-642-14186-7\_17},
  timestamp = {Sat, 19 Oct 2019 20:28:15 +0200},
  biburl    = {https://dblp.org/rec/conf/sat/MillerKLB10.bib},
  bibsource = {dblp computer science bibliography, https://dblp.org}
}

@article{drechsler2018formal,
  title={Formal System Verification},
  author={Drechsler, Rolf},
  year={2018},
  publisher={Springer}
}

@inproceedings{millersb13,
  author    = {Christian Miller and
  Christoph Scholl and
  Bernd Becker},
  title     = {Proving QBF-hardness in Bounded Model Checking for Incomplete Designs},
  booktitle = {14th International Workshop on Microprocessor Test and Verification,
  {MTV} 2013, Austin, TX, USA, December 11-13, 2013},
  pages     = {23--28},
  publisher = {{IEEE} Computer Society},
  year      = {2013},
  url       = {https://doi.org/10.1109/MTV.2013.11},
  doi       = {10.1109/MTV.2013.11},
  timestamp = {Wed, 16 Oct 2019 14:14:57 +0200},
  biburl    = {https://dblp.org/rec/conf/mtv/MillerSB13.bib},
  bibsource = {dblp computer science bibliography, https://dblp.org}
}

@inproceedings{biere2004resolve,
  title={Resolve and expand},
  author={Biere, Armin},
  booktitle={International conference on theory and applications of satisfiability testing},
  pages={59--70},
  year={2004},
  organization={Springer}
}

@inproceedings{finkbeiner2014fast,
  title={Fast DQBF refutation},
  author={Finkbeiner, Bernd and Tentrup, Leander},
  booktitle={International Conference on Theory and Applications of Satisfiability Testing},
  pages={243--251},
  year={2014},
  organization={Springer}
}

@inproceedings{frohlich2014idq,
  title={iDQ: Instantiation-Based DQBF Solving.},
  author={Fr{\"o}hlich, Andreas and Kov{\'a}sznai, Gergely and Biere, Armin and Veith, Helmut},
  booktitle={POS@ SAT},
  pages={103--116},
  year={2014}
}

@inproceedings{gitina2015solving,
  title={Solving DQBF through quantifier elimination},
  author={Gitina, Karina and Wimmer, Ralf and Reimer, Sven and Sauer, Matthias and Scholl, Christoph and Becker, Bernd},
  booktitle={2015 Design, Automation \& Test in Europe Conference \& Exhibition (DATE)},
  pages={1617--1622},
  year={2015},
  organization={IEEE}
}

@inproceedings{wimmer2015preprocessing,
  title={Preprocessing for DQBF},
  author={Wimmer, Ralf and Gitina, Karina and Nist, Jennifer and Scholl, Christoph and Becker, Bernd},
  booktitle={International Conference on Theory and Applications of Satisfiability Testing},
  pages={173--190},
  year={2015},
  organization={Springer}
}

@inproceedings{wimmer2017hqspre,
  title={HQSpre--an effective preprocessor for QBF and DQBF},
  author={Wimmer, Ralf and Reimer, Sven and Marin, Paolo and Becker, Bernd},
  booktitle={International Conference on Tools and Algorithms for the Construction and Analysis of Systems},
  pages={373--390},
  year={2017},
  organization={Springer}
}

@inproceedings{wimmer2016skolem,
	title={Skolem functions for DQBF},
	author={Wimmer, Karina and Wimmer, Ralf and Scholl, Christoph and Becker, Bernd},
	booktitle={International Symposium on Automated Technology for Verification and Analysis},
	pages={395--411},
	year={2016},
	organization={Springer}
}

@inproceedings{balabanov2012henkin,
 	title={Henkin quantifiers and boolean formulae},
 	author={Balabanov, Valeriy and Chiang, Hui-Ju Katherine and Jiang, Jie-Hong Roland},
 	booktitle={International Conference on Theory and Applications of Satisfiability Testing},
 	pages={129--142},
 	year={2012},
 	organization={Springer}
 }

@article{balabanov2014henkin,
	title={Henkin quantifiers and Boolean formulae: A certification perspective of DQBF},
	author={Balabanov, Valeriy and Chiang, Hui-Ju Katherine and Jiang, Jie-Hong R},
	journal={Theoretical Computer Science},
	volume={523},
	pages={86--100},
	year={2014},
	publisher={Elsevier}
}

@article{henkin1961some,
	title={Some remarks on infinitely long formulas},
	author={Henkin, Leon},
	year={1961}
}

@inproceedings{peterson1979multiple,
	title={Multiple-person alternation},
	author={Peterson, Gary L and Reif, John H},
	booktitle={20th Annual Symposium on Foundations of Computer Science (sfcs 1979)},
	pages={348--363},
	year={1979},
	organization={IEEE}
}

@inproceedings{chandra1976alternation,
	title={Alternation},
	author={Chandra, Ashok K and Stockmeyer, Larry J},
	booktitle={17th Annual Symposium on Foundations of Computer Science (sfcs 1976)},
	pages={98--108},
	year={1976},
	organization={IEEE}
}

@inproceedings{bubeck2006dependency,
	title={Dependency quantified horn formulas: models and complexity},
	author={Bubeck, Uwe and B{\"u}ning, Hans Kleine},
	booktitle={International Conference on Theory and Applications of Satisfiability Testing},
	pages={198--211},
	year={2006},
	organization={Springer}
}

@book{bubeck2010model,
	title={Model-based transformations for quantified boolean formulas.},
	author={Bubeck, Uwe},
	year={2010},
	publisher={University of Paderborn}
}

@inproceedings{beyersdorff2016lifting,
	title={Lifting QBF resolution calculi to DQBF},
	author={Beyersdorff, Olaf and Chew, Leroy and Schmidt, Renate A and Suda, Martin},
	booktitle={International Conference on Theory and Applications of Satisfiability Testing},
	pages={490--499},
	year={2016},
	organization={Springer}
}

@inproceedings{rabe2017resolution,
	title={A resolution-style proof system for DQBF},
	author={Rabe, Markus N},
	booktitle={International Conference on Theory and Applications of Satisfiability Testing},
	pages={314--325},
	year={2017},
	organization={Springer}
}

@inproceedings{wimmer2016dependency,
	title={Dependency schemes for DQBF},
	author={Wimmer, Ralf and Scholl, Christoph and Wimmer, Karina and Becker, Bernd},
	booktitle={International Conference on Theory and Applications of Satisfiability Testing},
	pages={473--489},
	year={2016},
	organization={Springer}
}

@article{beyersdorff2018reinterpreting,
	title={Reinterpreting Dependency Schemes: Soundness Meets Incompleteness in DQBF},
	author={Beyersdorff, Olaf and Blinkhorn, Joshua and Chew, Leroy and Schmidt, Renate and Suda, Martin},
	journal={Journal of Automated Reasoning},
	pages={1--27},
	year={2018},
	publisher={Springer}
}

@inproceedings{wimmer2017dqbf,
	title={From DQBF to QBF by dependency elimination},
	author={Wimmer, Ralf and Karrenbauer, Andreas and Becker, Ruben and Scholl, Christoph and Becker, Bernd},
	booktitle={International Conference on Theory and Applications of Satisfiability Testing},
	pages={326--343},
	year={2017},
	organization={Springer}
}
@inproceedings{petersonr79,
	author    = {Gary L. Peterson and
	John H. Reif},
	title     = {Multiple-Person Alternation},
	booktitle = {20th Annual Symposium on Foundations of Computer Science, San Juan,
	Puerto Rico, 29-31 October 1979},
	pages     = {348--363},
	publisher = {{IEEE} Computer Society},
	year      = {1979},
	url       = {https://doi.org/10.1109/SFCS.1979.25},
	doi       = {10.1109/SFCS.1979.25},
	timestamp = {Wed, 16 Oct 2019 14:14:54 +0200},
	biburl    = {https://dblp.org/rec/conf/focs/PetersonR79.bib},
	bibsource = {dblp computer science bibliography, https://dblp.org}
}

@article{peterson2001lower,
	title={Lower bounds for multiplayer noncooperative games of incomplete information},
	author={Peterson, Gary and Reif, John and Azhar, Salman},
	journal={Computers \& Mathematics with Applications},
	volume={41},
	number={7-8},
	pages={957--992},
	year={2001},
	publisher={Elsevier}
}

@inproceedings{gitinarswb13r,
	author    = {Karina Gitina and
	Sven Reimer and
	Matthias Sauer and
	Ralf Wimmer and
	Christoph Scholl and
	Bernd Becker},
	editor    = {Christian Haubelt and
	Dirk Timmermann},
	title     = {Equivalence Checking for Partial Implementations Revisited},
	booktitle = {Methoden und Beschreibungssprachen zur Modellierung und Verifikation
	von Schaltungen und Systemen (MBMV), Warnem{\"{u}}nde, Germany,
	March 12-14, 2013},
	pages     = {61--70},
	publisher = {Institut f{\"{u}}r Angewandte Mikroelektronik und Datentechnik,
	Fakult{\"{a}}t f{\"{u}}r Informatik und Elektrotechnik,
	Universit{\"{a}}t Rostock},
	year      = {2013},
	timestamp = {Mon, 04 Dec 2017 16:13:02 +0100},
	biburl    = {https://dblp.org/rec/conf/mbmv/GitinaRSWSB13.bib},
	bibsource = {dblp computer science bibliography, https://dblp.org}
}

@inproceedings{fraenkel78,
	author    = {Aviezri S. Fraenkel and
	M. R. Garey and
	David S. Johnson and
	T. Schaefer and
	Yaacov Yesha},
	title     = {The Complexity of Checkers on an {N} * {N} Board - Preliminary Report},
	booktitle = {19th Annual Symposium on Foundations of Computer Science, Ann Arbor,
	Michigan, USA, 16-18 October 1978},
	pages     = {55--64},
	publisher = {{IEEE} Computer Society},
	year      = {1978},
	url       = {https://doi.org/10.1109/SFCS.1978.36},
	doi       = {10.1109/SFCS.1978.36},
	timestamp = {Wed, 16 Oct 2019 14:14:54 +0200},
	biburl    = {https://dblp.org/rec/conf/focs/FraenkelGJSY78.bib},
	bibsource = {dblp computer science bibliography, https://dblp.org}
}

@phdthesis{hearn06,
	author    = {Robert A. Hearn},
	title     = {Games, puzzles, and computation},
	school    = {Massachusetts Institute of Technology, Cambridge, MA, {USA}},
	year      = {2006},
	url       = {http://hdl.handle.net/1721.1/37913},
	timestamp = {Thu, 27 Apr 2017 16:04:06 +0200},
	biburl    = {https://dblp.org/rec/phd/ndltd/Hearn06.bib},
	bibsource = {dblp computer science bibliography, https://dblp.org}
}

@article{chandra1981lj,
	title={LJ stockmeyer, Alternation},
	author={Chandra, Ashok K and Kozen, Dexter C},
	journal={FOCS-1976},
	year={1981}
}

@inproceedings{bloemks14,
	author    = {Roderick Bloem and
	Robert K{\"{o}}nighofer and
	Martina Seidl},
	editor    = {Kenneth L. McMillan and
	Xavier Rival},
	title     = {SAT-Based Synthesis Methods for Safety Specs},
	booktitle = {Verification, Model Checking, and Abstract Interpretation - 15th International
	Conference, {VMCAI} 2014, San Diego, CA, USA, January 19-21, 2014,
	Proceedings},
	series    = {Lecture Notes in Computer Science},
	volume    = {8318},
	pages     = {1--20},
	publisher = {Springer},
	year      = {2014},
	url       = {https://doi.org/10.1007/978-3-642-54013-4\_1},
	doi       = {10.1007/978-3-642-54013-4\_1},
	timestamp = {Tue, 14 May 2019 10:00:43 +0200},
	biburl    = {https://dblp.org/rec/conf/vmcai/BloemKS14.bib},
	bibsource = {dblp computer science bibliography, https://dblp.org}
}

@inproceedings{chatterjeehop13,
	author    = {Krishnendu Chatterjee and
	Thomas A. Henzinger and
	Jan Otop and
	Andreas Pavlogiannis},
	title     = {Distributed synthesis for {LTL} fragments},
	booktitle = {Formal Methods in Computer-Aided Design, {FMCAD} 2013, Portland, OR,
	USA, October 20-23, 2013},
	pages     = {18--25},
	publisher = {{IEEE}},
	year      = {2013},
	url       = {http://ieeexplore.ieee.org/document/6679386/},
	timestamp = {Wed, 16 Oct 2019 14:14:56 +0200},
	biburl    = {https://dblp.org/rec/conf/fmcad/ChatterjeeHOP13.bib},
	bibsource = {dblp computer science bibliography, https://dblp.org}
}

@inproceedings{gitinarswb13,
	author    = {Karina Gitina and
	Sven Reimer and
	Matthias Sauer and
	Ralf Wimmer and
	Christoph Scholl and
	Bernd Becker},
	title     = {Equivalence checking of partial designs using dependency quantified
	Boolean formulae},
	booktitle = {2013 {IEEE} 31st International Conference on Computer Design, {ICCD}
	2013, Asheville, NC, USA, October 6-9, 2013},
	pages     = {396--403},
	publisher = {{IEEE} Computer Society},
	year      = {2013},
	url       = {https://doi.org/10.1109/ICCD.2013.6657071},
	doi       = {10.1109/ICCD.2013.6657071},
	timestamp = {Wed, 16 Oct 2019 14:14:52 +0200},
	biburl    = {https://dblp.org/rec/conf/iccd/GitinaRSWSB13.bib},
	bibsource = {dblp computer science bibliography, https://dblp.org}
}

@inproceedings{schollb01,
	author    = {Christoph Scholl and
	Bernd Becker},
	title     = {Checking Equivalence for Partial Implementations},
	booktitle = {Proceedings of the 38th Design Automation Conference, {DAC} 2001,
	Las Vegas, NV, USA, June 18-22, 2001},
	pages     = {238--243},
	publisher = {{ACM}},
	year      = {2001},
	url       = {https://doi.org/10.1145/378239.378471},
	doi       = {10.1145/378239.378471},
	timestamp = {Tue, 06 Nov 2018 16:58:17 +0100},
	biburl    = {https://dblp.org/rec/conf/dac/SchollB01.bib},
	bibsource = {dblp computer science bibliography, https://dblp.org}
}

@incollection{wimmerws018,
	author    = {Ralf Wimmer and
	Karina Wimmer and
	Christoph Scholl and
	Bernd Becker},
	editor    = {Andr{\'{e}} In{\'{a}}cio Reis and
	Rolf Drechsler},
	title     = {Analysis of Incomplete Circuits Using Dependency Quantified Boolean
	Formulas},
	booktitle = {Advanced Logic Synthesis},
	pages     = {151--168},
	publisher = {Springer},
	year      = {2018},
	url       = {https://doi.org/10.1007/978-3-319-67295-3\_7},
	doi       = {10.1007/978-3-319-67295-3\_7},
	timestamp = {Mon, 16 Sep 2019 14:43:19 +0200},
	biburl    = {https://dblp.org/rec/books/sp/18/WimmerWS018.bib},
	bibsource = {dblp computer science bibliography, https://dblp.org}
}

@inproceedings{kovasznaifb12,
	author    = {Gergely Kov{\'{a}}sznai and
	Andreas Fr{\"{o}}hlich and
	Armin Biere},
	editor    = {Pascal Fontaine and
	Amit Goel},
	title     = {On the Complexity of Fixed-Size Bit-Vector Logics with Binary Encoded
	Bit-Width},
	booktitle = {10th International Workshop on Satisfiability Modulo Theories, {SMT}
	2012, Manchester, UK, June 30 - July 1, 2012},
	series    = {EPiC Series in Computing},
	volume    = {20},
	pages     = {44--56},
	publisher = {EasyChair},
	year      = {2012},
	url       = {http://www.easychair.org/publications/paper/145348},
	timestamp = {Tue, 25 Jul 2017 11:35:35 +0200},
	biburl    = {https://dblp.org/rec/conf/cade/KovasznaiFB12.bib},
	bibsource = {dblp computer science bibliography, https://dblp.org}
}

@article{wintersteigerhm13,
	author    = {Christoph M. Wintersteiger and
	Youssef Hamadi and
	Leonardo Mendon{\c{c}}a de Moura},
	title     = {Efficiently solving quantified bit-vector formulas},
	journal   = {Formal Methods Syst. Des.},
	volume    = {42},
	number    = {1},
	pages     = {3--23},
	year      = {2013},
	url       = {https://doi.org/10.1007/s10703-012-0156-2},
	doi       = {10.1007/s10703-012-0156-2},
	timestamp = {Fri, 13 Mar 2020 10:55:23 +0100},
	biburl    = {https://dblp.org/rec/journals/fmsd/WintersteigerHM13.bib},
	bibsource = {dblp computer science bibliography, https://dblp.org}
}

@inproceedings{bubeckb06,
	author    = {Uwe Bubeck and
	Hans Kleine{ }B{\"{u}}ning},
	editor    = {Armin Biere and
	Carla P. Gomes},
	title     = {Dependency Quantified Horn Formulas: Models and Complexity},
	booktitle = {Theory and Applications of Satisfiability Testing - {SAT} 2006, 9th
	International Conference, Seattle, WA, USA, August 12-15, 2006, Proceedings},
	series    = {Lecture Notes in Computer Science},
	volume    = {4121},
	pages     = {198--211},
	publisher = {Springer},
	year      = {2006},
	url       = {https://doi.org/10.1007/11814948\_21},
	doi       = {10.1007/11814948\_21},
	timestamp = {Tue, 14 May 2019 10:00:41 +0200},
	biburl    = {https://dblp.org/rec/conf/sat/BubeckB06.bib},
	bibsource = {dblp computer science bibliography, https://dblp.org}
}
