@article{frohlich2012dpll,
  title={A DPLL algorithm for solving DQBF},
  author={Fr{\"o}hlich, Andreas and Kov{\'a}sznai, Gergely and Biere, Armin},
  journal={Pragmatics of SAT},
  volume={2012},
  pages={2012},
  year={2012}
}

@inproceedings{gitina2013equivalence,
  title={Equivalence checking of partial designs using dependency quantified Boolean formulae},
  author={Gitina, Karina and Reimer, Sven and Sauer, Matthias and Wimmer, Ralf and Scholl, Christoph and Becker, Bernd},
  booktitle={2013 IEEE 31st International Conference on Computer Design (ICCD)},
  pages={396--403},
  year={2013},
  organization={IEEE}
}

@inproceedings{biere2004resolve,
  title={Resolve and expand},
  author={Biere, Armin},
  booktitle={International conference on theory and applications of satisfiability testing},
  pages={59--70},
  year={2004},
  organization={Springer}
}

@inproceedings{finkbeiner2014fast,
  title={Fast DQBF refutation},
  author={Finkbeiner, Bernd and Tentrup, Leander},
  booktitle={International Conference on Theory and Applications of Satisfiability Testing},
  pages={243--251},
  year={2014},
  organization={Springer}
}

@inproceedings{frohlich2014idq,
  title={iDQ: Instantiation-Based DQBF Solving.},
  author={Fr{\"o}hlich, Andreas and Kov{\'a}sznai, Gergely and Biere, Armin and Veith, Helmut},
  booktitle={POS@ SAT},
  pages={103--116},
  year={2014}
}

@inproceedings{gitina2015solving,
  title={Solving DQBF through quantifier elimination},
  author={Gitina, Karina and Wimmer, Ralf and Reimer, Sven and Sauer, Matthias and Scholl, Christoph and Becker, Bernd},
  booktitle={2015 Design, Automation \& Test in Europe Conference \& Exhibition (DATE)},
  pages={1617--1622},
  year={2015},
  organization={IEEE}
}

@inproceedings{wimmer2015preprocessing,
  title={Preprocessing for DQBF},
  author={Wimmer, Ralf and Gitina, Karina and Nist, Jennifer and Scholl, Christoph and Becker, Bernd},
  booktitle={International Conference on Theory and Applications of Satisfiability Testing},
  pages={173--190},
  year={2015},
  organization={Springer}
}

@inproceedings{wimmer2017hqspre,
  title={HQSpre--an effective preprocessor for QBF and DQBF},
  author={Wimmer, Ralf and Reimer, Sven and Marin, Paolo and Becker, Bernd},
  booktitle={International Conference on Tools and Algorithms for the Construction and Analysis of Systems},
  pages={373--390},
  year={2017},
  organization={Springer}
}

@inproceedings{wimmer2016skolem,
	title={Skolem functions for DQBF},
	author={Wimmer, Karina and Wimmer, Ralf and Scholl, Christoph and Becker, Bernd},
	booktitle={International Symposium on Automated Technology for Verification and Analysis},
	pages={395--411},
	year={2016},
	organization={Springer}
}
 
@inproceedings{balabanov2012henkin,
 	title={Henkin quantifiers and boolean formulae},
 	author={Balabanov, Valeriy and Chiang, Hui-Ju Katherine and Jiang, Jie-Hong Roland},
 	booktitle={International Conference on Theory and Applications of Satisfiability Testing},
 	pages={129--142},
 	year={2012},
 	organization={Springer}
 }

@article{balabanov2014henkin,
	title={Henkin quantifiers and Boolean formulae: A certification perspective of DQBF},
	author={Balabanov, Valeriy and Chiang, Hui-Ju Katherine and Jiang, Jie-Hong R},
	journal={Theoretical Computer Science},
	volume={523},
	pages={86--100},
	year={2014},
	publisher={Elsevier}
}

@article{henkin1961some,
	title={Some remarks on infinitely long formulas},
	author={Henkin, Leon},
	year={1961}
}

@inproceedings{peterson1979multiple,
	title={Multiple-person alternation},
	author={Peterson, Gary L and Reif, John H},
	booktitle={20th Annual Symposium on Foundations of Computer Science (sfcs 1979)},
	pages={348--363},
	year={1979},
	organization={IEEE}
}

@inproceedings{chandra1976alternation,
	title={Alternation},
	author={Chandra, Ashok K and Stockmeyer, Larry J},
	booktitle={17th Annual Symposium on Foundations of Computer Science (sfcs 1976)},
	pages={98--108},
	year={1976},
	organization={IEEE}
}

@inproceedings{bubeck2006dependency,
	title={Dependency quantified horn formulas: models and complexity},
	author={Bubeck, Uwe and B{\"u}ning, Hans Kleine},
	booktitle={International Conference on Theory and Applications of Satisfiability Testing},
	pages={198--211},
	year={2006},
	organization={Springer}
}

@book{bubeck2010model,
	title={Model-based transformations for quantified boolean formulas.},
	author={Bubeck, Uwe},
	year={2010},
	publisher={University of Paderborn}
}

@inproceedings{beyersdorff2016lifting,
	title={Lifting QBF resolution calculi to DQBF},
	author={Beyersdorff, Olaf and Chew, Leroy and Schmidt, Renate A and Suda, Martin},
	booktitle={International Conference on Theory and Applications of Satisfiability Testing},
	pages={490--499},
	year={2016},
	organization={Springer}
}

@inproceedings{rabe2017resolution,
	title={A resolution-style proof system for DQBF},
	author={Rabe, Markus N},
	booktitle={International Conference on Theory and Applications of Satisfiability Testing},
	pages={314--325},
	year={2017},
	organization={Springer}
}

@inproceedings{wimmer2016dependency,
	title={Dependency schemes for DQBF},
	author={Wimmer, Ralf and Scholl, Christoph and Wimmer, Karina and Becker, Bernd},
	booktitle={International Conference on Theory and Applications of Satisfiability Testing},
	pages={473--489},
	year={2016},
	organization={Springer}
}

@article{beyersdorff2018reinterpreting,
	title={Reinterpreting Dependency Schemes: Soundness Meets Incompleteness in DQBF},
	author={Beyersdorff, Olaf and Blinkhorn, Joshua and Chew, Leroy and Schmidt, Renate and Suda, Martin},
	journal={Journal of Automated Reasoning},
	pages={1--27},
	year={2018},
	publisher={Springer}
}

@inproceedings{wimmer2017dqbf,
	title={From DQBF to QBF by dependency elimination},
	author={Wimmer, Ralf and Karrenbauer, Andreas and Becker, Ruben and Scholl, Christoph and Becker, Bernd},
	booktitle={International Conference on Theory and Applications of Satisfiability Testing},
	pages={326--343},
	year={2017},
	organization={Springer}
}
